<record xmlns="http://www.loc.gov/MARC21/slim" xmlns:xsi="http://www.w3.org/2001/XMLSchema-instance" xsi:schemaLocation="http://www.loc.gov/MARC21/slim http://www.loc.gov/standards/marcxml/schema/MARC21slim.xsd"><leader>     nam a22        4500</leader><controlfield tag="001">001682907</controlfield><controlfield tag="003">NNU</controlfield><controlfield tag="006">m        d        </controlfield><controlfield tag="007">cr cn |||m|||a</controlfield><controlfield tag="008">150313s1968    iq      ob    000 0 ara  </controlfield><datafield ind1=" " ind2=" " tag="040"><subfield code="a">NNU</subfield><subfield code="b">eng</subfield><subfield code="c">NNU</subfield></datafield><datafield ind1="1" ind2=" " tag="100"><subfield code="a">Ba&#7779;r&#299;, &#699;Abd al-Jabb&#257;r D&#257;w&#363;d.</subfield></datafield><datafield ind1="1" ind2="0" tag="245"><subfield code="a">Maq&#257;l f&#299; al-shi&#699;r al-&#699;Ir&#257;q&#299; al-&#7717;ad&#299;th</subfield><subfield code="h">[electronic resource] /</subfield><subfield code="c">ta&#700;&#257;l&#299;f &#699;Abd al-Jabb&#257;r D&#257;w&#363;d al-Ba&#7779;r&#299;.</subfield></datafield><datafield ind1=" " ind2=" " tag="260"><subfield code="a">Baghd&#257;d :</subfield><subfield code="b">D&#257;r al-Jumh&#363;r&#299;yah,</subfield><subfield code="c">1968</subfield></datafield><datafield ind1=" " ind2=" " tag="300"><subfield code="a">online resource (144 p.)</subfield></datafield><datafield ind1="0" ind2=" " tag="490"><subfield code="a">Wiz&#257;rat al-Thaq&#257;fah wa-al-Irsh&#257;d, Mud&#299;r&#299;yat al-Thaq&#257;fah al-&#699;&#256;mmah, Silsilat al-Kutub al-&#7716;ad&#299;thah ;</subfield><subfield code="v">23</subfield></datafield><datafield ind1=" " ind2=" " tag="500"><subfield code="a">Part of the Arabic Collections Online (ACO) project, contributed by New York Univeristy Libraries.</subfield></datafield><datafield ind1=" " ind2=" " tag="504"><subfield code="a">Includes bibliographies.</subfield></datafield><datafield ind1=" " ind2=" " tag="533"><subfield code="a">Electronic reproduction.</subfield><subfield code="b">New York, N.Y. :</subfield><subfield code="c">New York University,</subfield><subfield code="d">2015.</subfield><subfield code="5">NNU</subfield></datafield><datafield ind1=" " ind2="0" tag="650"><subfield code="a">Arabic poetry</subfield><subfield code="z">Iraq</subfield><subfield code="x">History and criticism.</subfield></datafield><datafield ind1="2" ind2=" " tag="710"><subfield code="a">New York University.</subfield><subfield code="b">Libraries.</subfield></datafield><datafield ind1="0" ind2=" " tag="730"><subfield code="a">Arabic Collections Online.</subfield></datafield><datafield ind1="0" ind2="8" tag="776"><subfield code="i">Print version:</subfield><subfield code="a">Ba&#7779;r&#299;, &#699;Abd al-Jabb&#257;r D&#257;w&#363;d.</subfield><subfield code="t">Maq&#257;l f&#299; al-shi&#699;r al-&#699;Ir&#257;q&#299; al-&#7717;ad&#299;th</subfield><subfield code="w">(NNU)001682907</subfield><subfield code="w">(DLC)ne 68008568</subfield></datafield><datafield ind1="4" ind2="0" tag="856"><subfield code="u">http://hdl.handle.net/2333.1/v41ns47b</subfield></datafield><datafield ind1=" " ind2=" " tag="959"><subfield code="a">NNU</subfield><subfield code="b">WEB</subfield><subfield code="c">GENI</subfield><subfield code="t">0</subfield><subfield code="m">Electronic access</subfield><subfield code="s">01</subfield></datafield><datafield ind1=" " ind2=" " tag="999"><subfield code="i">NNU_001682907</subfield><subfield code="s">nyu_aco000586</subfield><subfield code="e">(ERROR-880)(ERROR-SERIES)</subfield></datafield></record>